<record><leader>00000cas a22000007a 4500</leader><controlfield tag="001">12002227</controlfield><controlfield tag="008">850506d1915192umtuwr ne      0    0eng d</controlfield><datafield ind1=" " ind2=" " tag="010"><subfield code="a">sn 85053111 </subfield></datafield><datafield ind1=" " ind2=" " tag="040"><subfield code="a">MTL</subfield><subfield code="b">eng</subfield><subfield code="c">MTL</subfield><subfield code="d">OCLCQ</subfield></datafield><datafield ind1=" " ind2=" " tag="042"><subfield code="a">msc</subfield></datafield><datafield ind1="0" ind2="4" tag="245"><subfield code="a">The Forsyth Democrat.</subfield></datafield><datafield ind1=" " ind2=" " tag="260"><subfield code="a">Forsyth, Mont. :</subfield><subfield code="b">Democrat Pub. Co.,</subfield><subfield code="c">1915-</subfield></datafield><datafield ind1=" " ind2=" " tag="300"><subfield code="a">v. :</subfield><subfield code="b">ill.</subfield></datafield><datafield ind1=" " ind2=" " tag="310"><subfield code="a">Weekly</subfield></datafield><datafield ind1="0" ind2=" " tag="362"><subfield code="a">Vol. 3, no. 18 (July 15, 1915)-</subfield></datafield><datafield ind1=" " ind2=" " tag="580"><subfield code="a">Absorbed: Sumatra record (Sumatra, Mont. : 1914) (non-extant) (Dec. 2, 1920).</subfield></datafield><datafield ind1=" " ind2=" " tag="752"><subfield code="a">United States</subfield><subfield code="b">Montana</subfield><subfield code="c">Rosebud</subfield><subfield code="d">Forsyth.</subfield></datafield><datafield ind1="0" ind2="0" tag="780"><subfield code="t">Rosebud courier</subfield><subfield code="w">(DLC)sn 85053110</subfield></datafield><datafield ind1="1" ind2="5" tag="780"><subfield code="t">Sumatra record (Sumatra, Mont. : 1914)</subfield><subfield code="g">Dec. 2, 1920</subfield></datafield><datafield ind1="0" ind2="0" tag="785"><subfield code="t">Forsyth independent</subfield><subfield code="w">(DLC)sn 85053120</subfield></datafield><datafield ind1="1" ind2=" " tag="029"><subfield code="a">AU@</subfield><subfield code="b">000025791979</subfield></datafield></record>